@misc{radford2021learning,
      title={Learning Transferable Visual Models From Natural Language Supervision}, 
      author={Alec Radford and Jong Wook Kim and Chris Hallacy and Aditya Ramesh and Gabriel Goh and Sandhini Agarwal and Girish Sastry and Amanda Askell and Pamela Mishkin and Jack Clark and Gretchen Krueger and Ilya Sutskever},
      year={2021},
      eprint={2103.00020},
      archivePrefix={arXiv},
      primaryClass={cs.CV}
}

@inproceedings{
oikarinen2023labelfree,
title={Label-free Concept Bottleneck Models},
author={Tuomas Oikarinen and Subhro Das and Lam M. Nguyen and Tsui-Wei Weng},
booktitle={The Eleventh International Conference on Learning Representations },
year={2023},
url={https://openreview.net/forum?id=FlCg47MNvBA}
}

@article{menon2022visual,
  author    = {Menon, Sachit and Vondrick, Carl},
  title     = {Visual Classification via Description from Large Language Models},
  journal   = {ICLR},
  year      = {2023},
}

@misc{koh2020concept,
      title={Concept Bottleneck Models}, 
      author={Pang Wei Koh and Thao Nguyen and Yew Siang Tang and Stephen Mussmann and Emma Pierson and Been Kim and Percy Liang},
      year={2020},
      eprint={2007.04612},
      archivePrefix={arXiv},
      primaryClass={cs.LG}
}

@misc{yuksekgonul2023posthoc,
      title={Post-hoc Concept Bottleneck Models}, 
      author={Mert Yuksekgonul and Maggie Wang and James Zou},
      year={2023},
      eprint={2205.15480},
      archivePrefix={arXiv},
      primaryClass={cs.LG}
}

@misc{gao2022pyramidclip,
      title={PyramidCLIP: Hierarchical Feature Alignment for Vision-language Model Pretraining}, 
      author={Yuting Gao and Jinfeng Liu and Zihan Xu and Jun Zhang and Ke Li and Rongrong Ji and Chunhua Shen},
      year={2022},
      eprint={2204.14095},
      archivePrefix={arXiv},
      primaryClass={cs.CV}
}

@misc{yang2023language,
      title={Language in a Bottle: Language Model Guided Concept Bottlenecks for Interpretable Image Classification}, 
      author={Yue Yang and Artemis Panagopoulou and Shenghao Zhou and Daniel Jin and Chris Callison-Burch and Mark Yatskar},
      year={2023},
      eprint={2211.11158},
      archivePrefix={arXiv},
      primaryClass={cs.CV}
}

@misc{oikarinen2023clipdissect,
      title={CLIP-Dissect: Automatic Description of Neuron Representations in Deep Vision Networks}, 
      author={Tuomas Oikarinen and Tsui-Wei Weng},
      year={2023},
      eprint={2204.10965},
      archivePrefix={arXiv},
      primaryClass={cs.CV}
}

@misc{kazmierczak2023clipqda,
      title={CLIP-QDA: An Explainable Concept Bottleneck Model}, 
      author={Rémi Kazmierczak and Eloïse Berthier and Goran Frehse and Gianni Franchi},
      year={2023},
      eprint={2312.00110},
      archivePrefix={arXiv},
      primaryClass={cs.CV}
}

@misc{dosovitskiy2021image,
      title={An Image is Worth 16x16 Words: Transformers for Image Recognition at Scale}, 
      author={Alexey Dosovitskiy and Lucas Beyer and Alexander Kolesnikov and Dirk Weissenborn and Xiaohua Zhai and Thomas Unterthiner and Mostafa Dehghani and Matthias Minderer and Georg Heigold and Sylvain Gelly and Jakob Uszkoreit and Neil Houlsby},
      year={2021},
      eprint={2010.11929},
      archivePrefix={arXiv},
      primaryClass={cs.CV}
}

@misc{russakovsky2015imagenet,
      title={ImageNet Large Scale Visual Recognition Challenge}, 
      author={Olga Russakovsky and Jia Deng and Hao Su and Jonathan Krause and Sanjeev Satheesh and Sean Ma and Zhiheng Huang and Andrej Karpathy and Aditya Khosla and Michael Bernstein and Alexander C. Berg and Li Fei-Fei},
      year={2015},
      eprint={1409.0575},
      archivePrefix={arXiv},
      primaryClass={cs.CV}
}

@article{krizhevsky2009learning,
  added-at = {2021-01-21T03:01:11.000+0100},
  author = {Krizhevsky, Alex},
  biburl = {https://www.bibsonomy.org/bibtex/2fe5248afe57647d9c85c50a98a12145c/s364315},
  interhash = {cc2d42f2b7ef6a4e76e47d1a50c8cd86},
  intrahash = {fe5248afe57647d9c85c50a98a12145c},
  keywords = {},
  pages = {32--33},
  timestamp = {2021-01-21T03:01:11.000+0100},
  title = {Learning Multiple Layers of Features from Tiny Images},
  url = {https://www.cs.toronto.edu/~kriz/learning-features-2009-TR.pdf},
  year = 2009
}

@misc{brown2020language,
      title={Language Models are Few-Shot Learners}, 
      author={Tom B. Brown and Benjamin Mann and Nick Ryder and Melanie Subbiah and Jared Kaplan and Prafulla Dhariwal and Arvind Neelakantan and Pranav Shyam and Girish Sastry and Amanda Askell and Sandhini Agarwal and Ariel Herbert-Voss and Gretchen Krueger and Tom Henighan and Rewon Child and Aditya Ramesh and Daniel M. Ziegler and Jeffrey Wu and Clemens Winter and Christopher Hesse and Mark Chen and Eric Sigler and Mateusz Litwin and Scott Gray and Benjamin Chess and Jack Clark and Christopher Berner and Sam McCandlish and Alec Radford and Ilya Sutskever and Dario Amodei},
      year={2020},
      eprint={2005.14165},
      archivePrefix={arXiv},
      primaryClass={cs.CL}
}

@InProceedings{pmlr-v139-wong21b,
  title = 	 {Leveraging Sparse Linear Layers for Debuggable Deep Networks},
  author =       {Wong, Eric and Santurkar, Shibani and Madry, Aleksander},
  booktitle = 	 {Proceedings of the 38th International Conference on Machine Learning},
  pages = 	 {11205--11216},
  year = 	 {2021},
  editor = 	 {Meila, Marina and Zhang, Tong},
  volume = 	 {139},
  series = 	 {Proceedings of Machine Learning Research},
  month = 	 {18--24 Jul},
  publisher =    {PMLR},
  pdf = 	 {http://proceedings.mlr.press/v139/wong21b/wong21b.pdf},
  url = 	 {https://proceedings.mlr.press/v139/wong21b.html},
  abstract = 	 {We show how fitting sparse linear models over learned deep feature representations can lead to more debuggable neural networks. These networks remain highly accurate while also being more amenable to human interpretation, as we demonstrate quantitatively and via human experiments. We further illustrate how the resulting sparse explanations can help to identify spurious correlations, explain misclassifications, and diagnose model biases in vision and language tasks.}
}

@article{article,
author = {Speer, Robyn and Havasi, Catherine},
year = {2013},
month = {02},
pages = {161-176},
title = {ConceptNet 5: A Large Semantic Network for Relational Knowledge},
isbn = {978-3-642-35084-9},
journal = {The people's web meets NLP, theory and applications of natural language processing},
doi = {10.1007/978-3-642-35085-6_6}
}

@misc{touvron2023llama,
      title={LLaMA: Open and Efficient Foundation Language Models}, 
      author={Hugo Touvron and Thibaut Lavril and Gautier Izacard and Xavier Martinet and Marie-Anne Lachaux and Timothée Lacroix and Baptiste Rozière and Naman Goyal and Eric Hambro and Faisal Azhar and Aurelien Rodriguez and Armand Joulin and Edouard Grave and Guillaume Lample},
      year={2023},
      eprint={2302.13971},
      archivePrefix={arXiv},
      primaryClass={cs.CL}
}

@misc{jang2017categorical,
      title={Categorical Reparameterization with Gumbel-Softmax}, 
      author={Eric Jang and Shixiang Gu and Ben Poole},
      year={2017},
      eprint={1611.01144},
      archivePrefix={arXiv},
      primaryClass={stat.ML}
}

@article{JMLR:v9:vandermaaten08a,
  author  = {Laurens van der Maaten and Geoffrey Hinton},
  title   = {Visualizing Data using t-SNE},
  journal = {Journal of Machine Learning Research},
  year    = {2008},
  volume  = {9},
  number  = {86},
  pages   = {2579--2605},
  url     = {http://jmlr.org/papers/v9/vandermaaten08a.html}
}

@misc{gorbunov2020stochastic,
      title={Stochastic Optimization with Heavy-Tailed Noise via Accelerated Gradient Clipping}, 
      author={Eduard Gorbunov and Marina Danilova and Alexander Gasnikov},
      year={2020},
      eprint={2005.10785},
      archivePrefix={arXiv},
      primaryClass={math.OC}
}

 @book{wah_branson_welinder_perona_belongie_2011, title={The Caltech-UCSD Birds-200-2011 Dataset}, abstractNote={CUB-200-2011 is an extended version of CUB-200 [7], a challenging dataset of 200 bird species. The extended version roughly doubles the number of images per category and adds new part localization annotations. All images are annotated with bounding boxes, part locations, and at- tribute labels. Images and annotations were filtered by mul- tiple users of Mechanical Turk. We introduce benchmarks and baseline experiments for multi-class categorization and part localization.}, institution={California Institute of Technology}, author={Wah, Catherine and Branson, Steve and Welinder, Peter and Perona, Pietro and Belongie, Serge}, year={2011}, month={Jul} }

@inproceedings{Gumbel1954StatisticalTO,
  title={Statistical Theory of Extreme Values and Some Practical Applications : A Series of Lectures},
  author={Emil Julius Gumbel},
  year={1954},
  url={https://api.semanticscholar.org/CorpusID:125881359}
}

@misc{maddison2015a,
      title={A* Sampling}, 
      author={Chris J. Maddison and Daniel Tarlow and Tom Minka},
      year={2015},
      eprint={1411.0030},
      archivePrefix={arXiv},
      primaryClass={stat.CO}
}

@misc{paszke2019pytorch,
      title={PyTorch: An Imperative Style, High-Performance Deep Learning Library}, 
      author={Adam Paszke and Sam Gross and Francisco Massa and Adam Lerer and James Bradbury and Gregory Chanan and Trevor Killeen and Zeming Lin and Natalia Gimelshein and Luca Antiga and Alban Desmaison and Andreas Köpf and Edward Yang and Zach DeVito and Martin Raison and Alykhan Tejani and Sasank Chilamkurthy and Benoit Steiner and Lu Fang and Junjie Bai and Soumith Chintala},
      year={2019},
      eprint={1912.01703},
      archivePrefix={arXiv},
      primaryClass={cs.LG}
}

@misc{zhai2023sigmoid,
      title={Sigmoid Loss for Language Image Pre-Training}, 
      author={Xiaohua Zhai and Basil Mustafa and Alexander Kolesnikov and Lucas Beyer},
      year={2023},
      eprint={2303.15343},
      archivePrefix={arXiv},
      primaryClass={cs.CV}
}

@misc{alexandridis2022longtailed,
      title={Long-tailed Instance Segmentation using Gumbel Optimized Loss}, 
      author={Konstantinos Panagiotis Alexandridis and Jiankang Deng and Anh Nguyen and Shan Luo},
      year={2022},
      eprint={2207.10936},
      archivePrefix={arXiv},
      primaryClass={cs.CV}
}

@inproceedings{Alukaev_2023,
   title={Cross-Modal Conceptualization in Bottleneck Models},
   url={http://dx.doi.org/10.18653/v1/2023.emnlp-main.318},
   DOI={10.18653/v1/2023.emnlp-main.318},
   booktitle={Proceedings of the 2023 Conference on Empirical Methods in Natural Language Processing},
   publisher={Association for Computational Linguistics},
   author={Alukaev, Danis and Kiselev, Semen and Pershin, Ilya and Ibragimov, Bulat and Ivanov, Vladimir and Kornaev, Alexey and Titov, Ivan},
   year={2023} }

@misc{yu2023noisynn,
      title={NoisyNN: Exploring the Influence of Information Entropy Change in Learning Systems}, 
      author={Xiaowei Yu and Yao Xue and Lu Zhang and Li Wang and Tianming Liu and Dajiang Zhu},
      year={2023},
      eprint={2309.10625},
      archivePrefix={arXiv},
      primaryClass={cs.AI}
}

@misc{sun2017revisiting,
      title={Revisiting Unreasonable Effectiveness of Data in Deep Learning Era}, 
      author={Chen Sun and Abhinav Shrivastava and Saurabh Singh and Abhinav Gupta},
      year={2017},
      eprint={1707.02968},
      archivePrefix={arXiv},
      primaryClass={cs.CV}
}

@misc{he2015deep,
      title={Deep Residual Learning for Image Recognition}, 
      author={Kaiming He and Xiangyu Zhang and Shaoqing Ren and Jian Sun},
      year={2015},
      eprint={1512.03385},
      archivePrefix={arXiv},
      primaryClass={cs.CV}
}

@misc{reed2022generalist,
      title={A Generalist Agent}, 
      author={Scott Reed and Konrad Zolna and Emilio Parisotto and Sergio Gomez Colmenarejo and Alexander Novikov and Gabriel Barth-Maron and Mai Gimenez and Yury Sulsky and Jackie Kay and Jost Tobias Springenberg and Tom Eccles and Jake Bruce and Ali Razavi and Ashley Edwards and Nicolas Heess and Yutian Chen and Raia Hadsell and Oriol Vinyals and Mahyar Bordbar and Nando de Freitas},
      year={2022},
      eprint={2205.06175},
      archivePrefix={arXiv},
      primaryClass={cs.AI}
}

@misc{chen2023sharegpt4v,
      title={ShareGPT4V: Improving Large Multi-Modal Models with Better Captions}, 
      author={Lin Chen and Jinsong Li and Xiaoyi Dong and Pan Zhang and Conghui He and Jiaqi Wang and Feng Zhao and Dahua Lin},
      year={2023},
      eprint={2311.12793},
      archivePrefix={arXiv},
      primaryClass={cs.CV}
}

@misc{aljundi2022contrastive,
      title={Contrastive Classification and Representation Learning with Probabilistic Interpretation}, 
      author={Rahaf Aljundi and Yash Patel and Milan Sulc and Daniel Olmeda and Nikolay Chumerin},
      year={2022},
      eprint={2211.03646},
      archivePrefix={arXiv},
      primaryClass={cs.CV}
}

@misc{srinivas2020curl,
      title={CURL: Contrastive Unsupervised Representations for Reinforcement Learning}, 
      author={Aravind Srinivas and Michael Laskin and Pieter Abbeel},
      year={2020},
      eprint={2004.04136},
      archivePrefix={arXiv},
      primaryClass={cs.LG}
}

@misc{khosla2021supervised,
      title={Supervised Contrastive Learning}, 
      author={Prannay Khosla and Piotr Teterwak and Chen Wang and Aaron Sarna and Yonglong Tian and Phillip Isola and Aaron Maschinot and Ce Liu and Dilip Krishnan},
      year={2021},
      eprint={2004.11362},
      archivePrefix={arXiv},
      primaryClass={cs.LG}
}

@misc{gao2022simcse,
      title={SimCSE: Simple Contrastive Learning of Sentence Embeddings}, 
      author={Tianyu Gao and Xingcheng Yao and Danqi Chen},
      year={2022},
      eprint={2104.08821},
      archivePrefix={arXiv},
      primaryClass={cs.CL}
}

@misc{jia2021scaling,
      title={Scaling Up Visual and Vision-Language Representation Learning With Noisy Text Supervision}, 
      author={Chao Jia and Yinfei Yang and Ye Xia and Yi-Ting Chen and Zarana Parekh and Hieu Pham and Quoc V. Le and Yunhsuan Sung and Zhen Li and Tom Duerig},
      year={2021},
      eprint={2102.05918},
      archivePrefix={arXiv},
      primaryClass={cs.CV}
}

@misc{zhai2022lit,
      title={LiT: Zero-Shot Transfer with Locked-image text Tuning}, 
      author={Xiaohua Zhai and Xiao Wang and Basil Mustafa and Andreas Steiner and Daniel Keysers and Alexander Kolesnikov and Lucas Beyer},
      year={2022},
      eprint={2111.07991},
      archivePrefix={arXiv},
      primaryClass={cs.CV}
}

@INPROCEEDINGS{5206848,
  author={Deng, Jia and Dong, Wei and Socher, Richard and Li, Li-Jia and Kai Li and Li Fei-Fei},
  booktitle={2009 IEEE Conference on Computer Vision and Pattern Recognition}, 
  title={ImageNet: A large-scale hierarchical image database}, 
  year={2009},
  volume={},
  number={},
  pages={248-255},
  keywords={Large-scale systems;Image databases;Explosions;Internet;Robustness;Information retrieval;Image retrieval;Multimedia databases;Ontologies;Spine},
  doi={10.1109/CVPR.2009.5206848}}

@INPROCEEDINGS{1467314,
  author={Chopra, S. and Hadsell, R. and LeCun, Y.},
  booktitle={2005 IEEE Computer Society Conference on Computer Vision and Pattern Recognition (CVPR'05)}, 
  title={Learning a similarity metric discriminatively, with application to face verification}, 
  year={2005},
  volume={1},
  number={},
  pages={539-546 vol. 1},
  keywords={Character generation;Drives;Robustness;System testing;Spatial databases;Glass;Artificial neural networks;Support vector machines;Support vector machine classification;Face recognition},
  doi={10.1109/CVPR.2005.202}}

@misc{wei2019eda,
      title={EDA: Easy Data Augmentation Techniques for Boosting Performance on Text Classification Tasks}, 
      author={Jason Wei and Kai Zou},
      year={2019},
      eprint={1901.11196},
      archivePrefix={arXiv},
      primaryClass={cs.CL}
}

@misc{kobayashi2018contextual,
      title={Contextual Augmentation: Data Augmentation by Words with Paradigmatic Relations}, 
      author={Sosuke Kobayashi},
      year={2018},
      eprint={1805.06201},
      archivePrefix={arXiv},
      primaryClass={cs.CL}
}

@misc{fang2020cert,
      title={CERT: Contrastive Self-supervised Learning for Language Understanding}, 
      author={Hongchao Fang and Sicheng Wang and Meng Zhou and Jiayuan Ding and Pengtao Xie},
      year={2020},
      eprint={2005.12766},
      archivePrefix={arXiv},
      primaryClass={cs.CL}
}

@misc{shen2020simple,
      title={A Simple but Tough-to-Beat Data Augmentation Approach for Natural Language Understanding and Generation}, 
      author={Dinghan Shen and Mingzhi Zheng and Yelong Shen and Yanru Qu and Weizhu Chen},
      year={2020},
      eprint={2009.13818},
      archivePrefix={arXiv},
      primaryClass={cs.CL}
}

@article{weng2021contrastive,
  title   = "Contrastive Representation Learning",
  author  = "Weng, Lilian",
  journal = "lilianweng.github.io",
  year    = "2021",
  month   = "May",
  url     = "https://lilianweng.github.io/posts/2021-05-31-contrastive/"
}

@misc{li2022blip,
      title={BLIP: Bootstrapping Language-Image Pre-training for Unified Vision-Language Understanding and Generation}, 
      author={Junnan Li and Dongxu Li and Caiming Xiong and Steven Hoi},
      year={2022},
      eprint={2201.12086},
      archivePrefix={arXiv},
      primaryClass={cs.CV}
}

@misc{kim2018interpretability,
      title={Interpretability Beyond Feature Attribution: Quantitative Testing with Concept Activation Vectors (TCAV)}, 
      author={Been Kim and Martin Wattenberg and Justin Gilmer and Carrie Cai and James Wexler and Fernanda Viegas and Rory Sayres},
      year={2018},
      eprint={1711.11279},
      archivePrefix={arXiv},
      primaryClass={stat.ML}
}

@article{L_pez_Cifuentes_2020,
   title={Semantic-aware scene recognition},
   volume={102},
   ISSN={0031-3203},
   url={http://dx.doi.org/10.1016/j.patcog.2020.107256},
   DOI={10.1016/j.patcog.2020.107256},
   journal={Pattern Recognition},
   publisher={Elsevier BV},
   author={López-Cifuentes, Alejandro and Escudero-Viñolo, Marcos and Bescós, Jesús and García-Martín, Álvaro},
   year={2020},
   month=jun, pages={107256} }

@misc{gorbunov2022nearoptimal,
      title={Near-Optimal High Probability Complexity Bounds for Non-Smooth Stochastic Optimization with Heavy-Tailed Noise}, 
      author={Eduard Gorbunov and Marina Danilova and Innokentiy Shibaev and Pavel Dvurechensky and Alexander Gasnikov},
      year={2022},
      eprint={2106.05958},
      archivePrefix={arXiv},
      primaryClass={math.OC}
}

@misc{wolf2020huggingfaces,
      title={HuggingFace's Transformers: State-of-the-art Natural Language Processing}, 
      author={Thomas Wolf and Lysandre Debut and Victor Sanh and Julien Chaumond and Clement Delangue and Anthony Moi and Pierric Cistac and Tim Rault and Rémi Louf and Morgan Funtowicz and Joe Davison and Sam Shleifer and Patrick von Platen and Clara Ma and Yacine Jernite and Julien Plu and Canwen Xu and Teven Le Scao and Sylvain Gugger and Mariama Drame and Quentin Lhoest and Alexander M. Rush},
      year={2020},
      eprint={1910.03771},
      archivePrefix={arXiv},
      primaryClass={cs.CL}
}

@inproceedings{reimers-2019-sentence-bert,
  title = "Sentence-BERT: Sentence Embeddings using Siamese BERT-Networks",
  author = "Reimers, Nils and Gurevych, Iryna",
  booktitle = "Proceedings of the 2019 Conference on Empirical Methods in Natural Language Processing",
  month = "11",
  year = "2019",
  publisher = "Association for Computational Linguistics",
  url = "https://arxiv.org/abs/1908.10084",
}

@inproceedings{reimers-2020-multilingual-sentence-bert,
  title = "Making Monolingual Sentence Embeddings Multilingual using Knowledge Distillation",
  author = "Reimers, Nils and Gurevych, Iryna",
  booktitle = "Proceedings of the 2020 Conference on Empirical Methods in Natural Language Processing",
  month = "11",
  year = "2020",
  publisher = "Association for Computational Linguistics",
  url = "https://arxiv.org/abs/2004.09813",
}

@misc{kingma2017adam,
      title={Adam: A Method for Stochastic Optimization}, 
      author={Diederik P. Kingma and Jimmy Ba},
      year={2017},
      eprint={1412.6980},
      archivePrefix={arXiv},
      primaryClass={cs.LG}
}

@misc{loshchilov2019decoupled,
      title={Decoupled Weight Decay Regularization}, 
      author={Ilya Loshchilov and Frank Hutter},
      year={2019},
      eprint={1711.05101},
      archivePrefix={arXiv},
      primaryClass={cs.LG}
}

@misc{chen2023discoclip,
      title={DisCo-CLIP: A Distributed Contrastive Loss for Memory Efficient CLIP Training}, 
      author={Yihao Chen and Xianbiao Qi and Jianan Wang and Lei Zhang},
      year={2023},
      eprint={2304.08480},
      archivePrefix={arXiv},
      primaryClass={cs.CV}
}

@misc{zarlenga2022concept,
      title={Concept Embedding Models: Beyond the Accuracy-Explainability Trade-Off}, 
      author={Mateo Espinosa Zarlenga and Pietro Barbiero and Gabriele Ciravegna and Giuseppe Marra and Francesco Giannini and Michelangelo Diligenti and Zohreh Shams and Frederic Precioso and Stefano Melacci and Adrian Weller and Pietro Lio and Mateja Jamnik},
      year={2022},
      eprint={2209.09056},
      archivePrefix={arXiv},
      primaryClass={cs.LG}
}

@article{DBLP:journals/corr/MaddisonMT16,
  author       = {Chris J. Maddison and
                  Andriy Mnih and
                  Yee Whye Teh},
  title        = {The Concrete Distribution: {A} Continuous Relaxation of Discrete Random
                  Variables},
  journal      = {CoRR},
  volume       = {abs/1611.00712},
  year         = {2016},
  url          = {http://arxiv.org/abs/1611.00712},
  eprinttype    = {arXiv},
  eprint       = {1611.00712},
  timestamp    = {Mon, 13 Aug 2018 16:48:00 +0200},
  biburl       = {https://dblp.org/rec/journals/corr/MaddisonMT16.bib},
  bibsource    = {dblp computer science bibliography, https://dblp.org}
}

@misc{huijben2022review,
      title={A Review of the Gumbel-max Trick and its Extensions for Discrete Stochasticity in Machine Learning}, 
      author={Iris A. M. Huijben and Wouter Kool and Max B. Paulus and Ruud J. G. van Sloun},
      year={2022},
      eprint={2110.01515},
      archivePrefix={arXiv},
      primaryClass={cs.LG}
}

@misc{szegedy2015rethinking,
      title={Rethinking the Inception Architecture for Computer Vision}, 
      author={Christian Szegedy and Vincent Vanhoucke and Sergey Ioffe and Jonathon Shlens and Zbigniew Wojna},
      year={2015},
      eprint={1512.00567},
      archivePrefix={arXiv},
      primaryClass={cs.CV}
}

@misc{pereyra2017regularizing,
      title={Regularizing Neural Networks by Penalizing Confident Output Distributions}, 
      author={Gabriel Pereyra and George Tucker and Jan Chorowski and Łukasz Kaiser and Geoffrey Hinton},
      year={2017},
      eprint={1701.06548},
      archivePrefix={arXiv},
      primaryClass={cs.NE}
}

@ARTICLE{7968387,
  author={Zhou, Bolei and Lapedriza, Agata and Khosla, Aditya and Oliva, Aude and Torralba, Antonio},
  journal={IEEE Transactions on Pattern Analysis and Machine Intelligence}, 
  title={Places: A 10 Million Image Database for Scene Recognition}, 
  year={2018},
  volume={40},
  number={6},
  pages={1452-1464},
  keywords={Object recognition;Deep learning;Image recognition;Leearning (artificial intelligence);Image classification;Image analysis;Scene classification;visual recognition;deep learning;deep feature;image dataset},
  doi={10.1109/TPAMI.2017.2723009}}

@INPROCEEDINGS{5537907,
  author={LeCun, Yann and Kavukcuoglu, Koray and Farabet, Clement},
  booktitle={Proceedings of 2010 IEEE International Symposium on Circuits and Systems}, 
  title={Convolutional networks and applications in vision}, 
  year={2010},
  volume={},
  number={},
  pages={253-256},
  keywords={Learning systems;Visual perception;Machine learning;Filter bank;Optical character recognition software;Video surveillance;Unsupervised learning;Object recognition;Navigation;Mobile robots},
  doi={10.1109/ISCAS.2010.5537907}}

@misc{losch2019interpretability,
      title={Interpretability Beyond Classification Output: Semantic Bottleneck Networks}, 
      author={Max Losch and Mario Fritz and Bernt Schiele},
      year={2019},
      eprint={1907.10882},
      archivePrefix={arXiv},
      primaryClass={cs.CV}
}

@misc{chauhan2023interactive,
      title={Interactive Concept Bottleneck Models}, 
      author={Kushal Chauhan and Rishabh Tiwari and Jan Freyberg and Pradeep Shenoy and Krishnamurthy Dvijotham},
      year={2023},
      eprint={2212.07430},
      archivePrefix={arXiv},
      primaryClass={cs.LG}
}

@misc{chen2022altclip,
      title={AltCLIP: Altering the Language Encoder in CLIP for Extended Language Capabilities}, 
      author={Zhongzhi Chen and Guang Liu and Bo-Wen Zhang and Fulong Ye and Qinghong Yang and Ledell Wu},
      year={2022},
      eprint={2211.06679},
      archivePrefix={arXiv},
      primaryClass={cs.CL}
}

@misc{schwalbe2022concept,
      title={Concept Embedding Analysis: A Review}, 
      author={Gesina Schwalbe},
      year={2022},
      eprint={2203.13909},
      archivePrefix={arXiv},
      primaryClass={cs.LG}
}

@InProceedings{Marcos_2020_ACCV,
    author    = {Marcos, Diego and Fong, Ruth and Lobry, Sylvain and Flamary, Remi and Courty, Nicolas and Tuia, Devis},
    title     = {Contextual Semantic Interpretability},
    booktitle = {Proceedings of the Asian Conference on Computer Vision (ACCV)},
    month     = {November},
    year      = {2020}
}

@misc{panousis2023discover,
      title={DISCOVER: Making Vision Networks Interpretable via Competition and Dissection}, 
      author={Konstantinos P. Panousis and Sotirios Chatzis},
      year={2023},
      eprint={2310.04929},
      archivePrefix={arXiv},
      primaryClass={cs.CV}
}

@misc{panousis2019nonparametric,
      title={Nonparametric Bayesian Deep Networks with Local Competition}, 
      author={Konstantinos P. Panousis and Sotirios Chatzis and Sergios Theodoridis},
      year={2019},
      eprint={1805.07624},
      archivePrefix={arXiv},
      primaryClass={cs.LG}
}